%YAML 1.1
%TAG !u! tag:unity3d.com,2011:
--- !u!1 &3758894807192482244
GameObject:
  m_ObjectHideFlags: 0
  m_CorrespondingSourceObject: {fileID: 0}
  m_PrefabInstance: {fileID: 0}
  m_PrefabAsset: {fileID: 0}
  serializedVersion: 6
  m_Component:
  - component: {fileID: 2746211121297027659}
  - component: {fileID: 625077033303231171}
  m_Layer: 0
  m_Name: PlanetSystemComplete
  m_TagString: PlanetSystem
  m_Icon: {fileID: 0}
  m_NavMeshLayer: 0
  m_StaticEditorFlags: 0
  m_IsActive: 1
--- !u!4 &2746211121297027659
Transform:
  m_ObjectHideFlags: 0
  m_CorrespondingSourceObject: {fileID: 0}
  m_PrefabInstance: {fileID: 0}
  m_PrefabAsset: {fileID: 0}
  m_GameObject: {fileID: 3758894807192482244}
  m_LocalRotation: {x: 0, y: 0, z: 0, w: 1}
  m_LocalPosition: {x: 0, y: 0, z: 0}
  m_LocalScale: {x: 1, y: 1, z: 1}
  m_ConstrainProportionsScale: 0
  m_Children:
  - {fileID: 2491842671712055352}
  - {fileID: 4729169146735065640}
  - {fileID: 4492864142086002112}
  - {fileID: 300097970545074097}
  - {fileID: 6910996324140891171}
  m_Father: {fileID: 0}
  m_RootOrder: 0
  m_LocalEulerAnglesHint: {x: 0, y: 0, z: 0}
--- !u!212 &625077033303231171
SpriteRenderer:
  m_ObjectHideFlags: 0
  m_CorrespondingSourceObject: {fileID: 0}
  m_PrefabInstance: {fileID: 0}
  m_PrefabAsset: {fileID: 0}
  m_GameObject: {fileID: 3758894807192482244}
  m_Enabled: 1
  m_CastShadows: 0
  m_ReceiveShadows: 0
  m_DynamicOccludee: 1
  m_StaticShadowCaster: 0
  m_MotionVectors: 1
  m_LightProbeUsage: 1
  m_ReflectionProbeUsage: 1
  m_RayTracingMode: 0
  m_RayTraceProcedural: 0
  m_RenderingLayerMask: 1
  m_RendererPriority: 0
  m_Materials:
  - {fileID: 10754, guid: 0000000000000000f000000000000000, type: 0}
  m_StaticBatchInfo:
    firstSubMesh: 0
    subMeshCount: 0
  m_StaticBatchRoot: {fileID: 0}
  m_ProbeAnchor: {fileID: 0}
  m_LightProbeVolumeOverride: {fileID: 0}
  m_ScaleInLightmap: 1
  m_ReceiveGI: 1
  m_PreserveUVs: 0
  m_IgnoreNormalsForChartDetection: 0
  m_ImportantGI: 0
  m_StitchLightmapSeams: 1
  m_SelectedEditorRenderState: 0
  m_MinimumChartSize: 4
  m_AutoUVMaxDistance: 0.5
  m_AutoUVMaxAngle: 89
  m_LightmapParameters: {fileID: 0}
  m_SortingLayerID: 0
  m_SortingLayer: 0
  m_SortingOrder: 0
  m_Sprite: {fileID: -2413806693520163455, guid: a86470a33a6bf42c4b3595704624658b, type: 3}
  m_Color: {r: 0.990566, g: 0.8783284, b: 0, a: 1}
  m_FlipX: 0
  m_FlipY: 0
  m_DrawMode: 0
  m_Size: {x: 1, y: 1}
  m_AdaptiveModeThreshold: 0.5
  m_SpriteTileMode: 0
  m_WasSpriteAssigned: 1
  m_MaskInteraction: 0
  m_SpriteSortPoint: 0
--- !u!1001 &117662526392278213
PrefabInstance:
  m_ObjectHideFlags: 0
  serializedVersion: 2
  m_Modification:
    m_TransformParent: {fileID: 2746211121297027659}
    m_Modifications:
    - target: {fileID: 334225852176488465, guid: ca1ba5786e1c9e8488a4b4f7ef3d5227, type: 3}
      propertyPath: m_Name
      value: Orbit4
      objectReference: {fileID: 0}
    - target: {fileID: 6794471667747660006, guid: ca1ba5786e1c9e8488a4b4f7ef3d5227, type: 3}
      propertyPath: m_RootOrder
      value: 4
      objectReference: {fileID: 0}
    - target: {fileID: 6794471667747660006, guid: ca1ba5786e1c9e8488a4b4f7ef3d5227, type: 3}
      propertyPath: m_LocalScale.x
      value: 1
      objectReference: {fileID: 0}
    - target: {fileID: 6794471667747660006, guid: ca1ba5786e1c9e8488a4b4f7ef3d5227, type: 3}
      propertyPath: m_LocalScale.y
      value: 1
      objectReference: {fileID: 0}
    - target: {fileID: 6794471667747660006, guid: ca1ba5786e1c9e8488a4b4f7ef3d5227, type: 3}
      propertyPath: m_LocalPosition.x
      value: 14.5
      objectReference: {fileID: 0}
    - target: {fileID: 6794471667747660006, guid: ca1ba5786e1c9e8488a4b4f7ef3d5227, type: 3}
      propertyPath: m_LocalPosition.y
      value: 0
      objectReference: {fileID: 0}
    - target: {fileID: 6794471667747660006, guid: ca1ba5786e1c9e8488a4b4f7ef3d5227, type: 3}
      propertyPath: m_LocalPosition.z
      value: 0
      objectReference: {fileID: 0}
    - target: {fileID: 6794471667747660006, guid: ca1ba5786e1c9e8488a4b4f7ef3d5227, type: 3}
      propertyPath: m_LocalRotation.w
      value: 1
      objectReference: {fileID: 0}
    - target: {fileID: 6794471667747660006, guid: ca1ba5786e1c9e8488a4b4f7ef3d5227, type: 3}
      propertyPath: m_LocalRotation.x
      value: -0
      objectReference: {fileID: 0}
    - target: {fileID: 6794471667747660006, guid: ca1ba5786e1c9e8488a4b4f7ef3d5227, type: 3}
      propertyPath: m_LocalRotation.y
      value: -0
      objectReference: {fileID: 0}
    - target: {fileID: 6794471667747660006, guid: ca1ba5786e1c9e8488a4b4f7ef3d5227, type: 3}
      propertyPath: m_LocalRotation.z
      value: -0
      objectReference: {fileID: 0}
    - target: {fileID: 6794471667747660006, guid: ca1ba5786e1c9e8488a4b4f7ef3d5227, type: 3}
      propertyPath: m_LocalEulerAnglesHint.x
      value: 0
      objectReference: {fileID: 0}
    - target: {fileID: 6794471667747660006, guid: ca1ba5786e1c9e8488a4b4f7ef3d5227, type: 3}
      propertyPath: m_LocalEulerAnglesHint.y
      value: 0
      objectReference: {fileID: 0}
    - target: {fileID: 6794471667747660006, guid: ca1ba5786e1c9e8488a4b4f7ef3d5227, type: 3}
      propertyPath: m_LocalEulerAnglesHint.z
      value: 0
      objectReference: {fileID: 0}
    m_RemovedComponents: []
  m_SourcePrefab: {fileID: 100100000, guid: ca1ba5786e1c9e8488a4b4f7ef3d5227, type: 3}
--- !u!4 &6910996324140891171 stripped
Transform:
  m_CorrespondingSourceObject: {fileID: 6794471667747660006, guid: ca1ba5786e1c9e8488a4b4f7ef3d5227, type: 3}
  m_PrefabInstance: {fileID: 117662526392278213}
  m_PrefabAsset: {fileID: 0}
--- !u!1001 &144083290961650919
PrefabInstance:
  m_ObjectHideFlags: 0
  serializedVersion: 2
  m_Modification:
    m_TransformParent: {fileID: 4729169146735065640}
    m_Modifications:
    - target: {fileID: 69373919270081384, guid: b7223fb2bc525aa49ab7662bfe550e36, type: 3}
      propertyPath: m_Name
      value: Planet
      objectReference: {fileID: 0}
    - target: {fileID: 4311462190322929207, guid: b7223fb2bc525aa49ab7662bfe550e36, type: 3}
      propertyPath: m_RootOrder
      value: 0
      objectReference: {fileID: 0}
    - target: {fileID: 4311462190322929207, guid: b7223fb2bc525aa49ab7662bfe550e36, type: 3}
      propertyPath: m_LocalScale.x
      value: 1
      objectReference: {fileID: 0}
    - target: {fileID: 4311462190322929207, guid: b7223fb2bc525aa49ab7662bfe550e36, type: 3}
      propertyPath: m_LocalScale.y
      value: 1
      objectReference: {fileID: 0}
    - target: {fileID: 4311462190322929207, guid: b7223fb2bc525aa49ab7662bfe550e36, type: 3}
      propertyPath: m_LocalPosition.x
      value: -0.94
      objectReference: {fileID: 0}
    - target: {fileID: 4311462190322929207, guid: b7223fb2bc525aa49ab7662bfe550e36, type: 3}
      propertyPath: m_LocalPosition.y
      value: 3.65
      objectReference: {fileID: 0}
    - target: {fileID: 4311462190322929207, guid: b7223fb2bc525aa49ab7662bfe550e36, type: 3}
      propertyPath: m_LocalPosition.z
      value: 0
      objectReference: {fileID: 0}
    - target: {fileID: 4311462190322929207, guid: b7223fb2bc525aa49ab7662bfe550e36, type: 3}
      propertyPath: m_LocalRotation.w
      value: 1
      objectReference: {fileID: 0}
    - target: {fileID: 4311462190322929207, guid: b7223fb2bc525aa49ab7662bfe550e36, type: 3}
      propertyPath: m_LocalRotation.x
      value: -0
      objectReference: {fileID: 0}
    - target: {fileID: 4311462190322929207, guid: b7223fb2bc525aa49ab7662bfe550e36, type: 3}
      propertyPath: m_LocalRotation.y
      value: -0
      objectReference: {fileID: 0}
    - target: {fileID: 4311462190322929207, guid: b7223fb2bc525aa49ab7662bfe550e36, type: 3}
      propertyPath: m_LocalRotation.z
      value: -0
      objectReference: {fileID: 0}
    - target: {fileID: 4311462190322929207, guid: b7223fb2bc525aa49ab7662bfe550e36, type: 3}
      propertyPath: m_LocalEulerAnglesHint.x
      value: 0
      objectReference: {fileID: 0}
    - target: {fileID: 4311462190322929207, guid: b7223fb2bc525aa49ab7662bfe550e36, type: 3}
      propertyPath: m_LocalEulerAnglesHint.y
      value: 0
      objectReference: {fileID: 0}
    - target: {fileID: 4311462190322929207, guid: b7223fb2bc525aa49ab7662bfe550e36, type: 3}
      propertyPath: m_LocalEulerAnglesHint.z
      value: 0
      objectReference: {fileID: 0}
    - target: {fileID: 8053946113276071314, guid: b7223fb2bc525aa49ab7662bfe550e36, type: 3}
      propertyPath: m_SortingOrder
      value: 1
      objectReference: {fileID: 0}
    m_RemovedComponents: []
  m_SourcePrefab: {fileID: 100100000, guid: b7223fb2bc525aa49ab7662bfe550e36, type: 3}
--- !u!1001 &1321005112593065000
PrefabInstance:
  m_ObjectHideFlags: 0
  serializedVersion: 2
  m_Modification:
    m_TransformParent: {fileID: 4492864142086002112}
    m_Modifications:
    - target: {fileID: 69373919270081384, guid: b7223fb2bc525aa49ab7662bfe550e36, type: 3}
      propertyPath: m_Name
      value: Planet
      objectReference: {fileID: 0}
    - target: {fileID: 4311462190322929207, guid: b7223fb2bc525aa49ab7662bfe550e36, type: 3}
      propertyPath: m_RootOrder
      value: 0
      objectReference: {fileID: 0}
    - target: {fileID: 4311462190322929207, guid: b7223fb2bc525aa49ab7662bfe550e36, type: 3}
      propertyPath: m_LocalScale.x
      value: 2
      objectReference: {fileID: 0}
    - target: {fileID: 4311462190322929207, guid: b7223fb2bc525aa49ab7662bfe550e36, type: 3}
      propertyPath: m_LocalScale.y
      value: 2
      objectReference: {fileID: 0}
    - target: {fileID: 4311462190322929207, guid: b7223fb2bc525aa49ab7662bfe550e36, type: 3}
      propertyPath: m_LocalPosition.x
      value: 0.31
      objectReference: {fileID: 0}
    - target: {fileID: 4311462190322929207, guid: b7223fb2bc525aa49ab7662bfe550e36, type: 3}
      propertyPath: m_LocalPosition.y
      value: -6.8
      objectReference: {fileID: 0}
    - target: {fileID: 4311462190322929207, guid: b7223fb2bc525aa49ab7662bfe550e36, type: 3}
      propertyPath: m_LocalPosition.z
      value: 0
      objectReference: {fileID: 0}
    - target: {fileID: 4311462190322929207, guid: b7223fb2bc525aa49ab7662bfe550e36, type: 3}
      propertyPath: m_LocalRotation.w
      value: 1
      objectReference: {fileID: 0}
    - target: {fileID: 4311462190322929207, guid: b7223fb2bc525aa49ab7662bfe550e36, type: 3}
      propertyPath: m_LocalRotation.x
      value: -0
      objectReference: {fileID: 0}
    - target: {fileID: 4311462190322929207, guid: b7223fb2bc525aa49ab7662bfe550e36, type: 3}
      propertyPath: m_LocalRotation.y
      value: -0
      objectReference: {fileID: 0}
    - target: {fileID: 4311462190322929207, guid: b7223fb2bc525aa49ab7662bfe550e36, type: 3}
      propertyPath: m_LocalRotation.z
      value: -0
      objectReference: {fileID: 0}
    - target: {fileID: 4311462190322929207, guid: b7223fb2bc525aa49ab7662bfe550e36, type: 3}
      propertyPath: m_LocalEulerAnglesHint.x
      value: 0
      objectReference: {fileID: 0}
    - target: {fileID: 4311462190322929207, guid: b7223fb2bc525aa49ab7662bfe550e36, type: 3}
      propertyPath: m_LocalEulerAnglesHint.y
      value: 0
      objectReference: {fileID: 0}
    - target: {fileID: 4311462190322929207, guid: b7223fb2bc525aa49ab7662bfe550e36, type: 3}
      propertyPath: m_LocalEulerAnglesHint.z
      value: 0
      objectReference: {fileID: 0}
    - target: {fileID: 8053946113276071314, guid: b7223fb2bc525aa49ab7662bfe550e36, type: 3}
      propertyPath: m_SortingOrder
      value: 1
      objectReference: {fileID: 0}
    m_RemovedComponents: []
  m_SourcePrefab: {fileID: 100100000, guid: b7223fb2bc525aa49ab7662bfe550e36, type: 3}
--- !u!1001 &2025104247453368822
PrefabInstance:
  m_ObjectHideFlags: 0
  serializedVersion: 2
  m_Modification:
    m_TransformParent: {fileID: 2491842671712055352}
    m_Modifications:
    - target: {fileID: 1870908073061910608, guid: 3b0e9ccc1fe792c47875c61802ddb840, type: 3}
      propertyPath: m_Name
      value: Star
      objectReference: {fileID: 0}
    - target: {fileID: 7663302924205025524, guid: 3b0e9ccc1fe792c47875c61802ddb840, type: 3}
      propertyPath: m_RootOrder
      value: 0
      objectReference: {fileID: 0}
    - target: {fileID: 7663302924205025524, guid: 3b0e9ccc1fe792c47875c61802ddb840, type: 3}
      propertyPath: m_LocalScale.x
      value: 1
      objectReference: {fileID: 0}
    - target: {fileID: 7663302924205025524, guid: 3b0e9ccc1fe792c47875c61802ddb840, type: 3}
      propertyPath: m_LocalScale.y
      value: 1
      objectReference: {fileID: 0}
    - target: {fileID: 7663302924205025524, guid: 3b0e9ccc1fe792c47875c61802ddb840, type: 3}
      propertyPath: m_LocalPosition.x
      value: 0
      objectReference: {fileID: 0}
    - target: {fileID: 7663302924205025524, guid: 3b0e9ccc1fe792c47875c61802ddb840, type: 3}
      propertyPath: m_LocalPosition.y
      value: 0
      objectReference: {fileID: 0}
    - target: {fileID: 7663302924205025524, guid: 3b0e9ccc1fe792c47875c61802ddb840, type: 3}
      propertyPath: m_LocalPosition.z
      value: 0
      objectReference: {fileID: 0}
    - target: {fileID: 7663302924205025524, guid: 3b0e9ccc1fe792c47875c61802ddb840, type: 3}
      propertyPath: m_LocalRotation.w
      value: 1
      objectReference: {fileID: 0}
    - target: {fileID: 7663302924205025524, guid: 3b0e9ccc1fe792c47875c61802ddb840, type: 3}
      propertyPath: m_LocalRotation.x
      value: -0
      objectReference: {fileID: 0}
    - target: {fileID: 7663302924205025524, guid: 3b0e9ccc1fe792c47875c61802ddb840, type: 3}
      propertyPath: m_LocalRotation.y
      value: -0
      objectReference: {fileID: 0}
    - target: {fileID: 7663302924205025524, guid: 3b0e9ccc1fe792c47875c61802ddb840, type: 3}
      propertyPath: m_LocalRotation.z
      value: -0
      objectReference: {fileID: 0}
    - target: {fileID: 7663302924205025524, guid: 3b0e9ccc1fe792c47875c61802ddb840, type: 3}
      propertyPath: m_LocalEulerAnglesHint.x
      value: 0
      objectReference: {fileID: 0}
    - target: {fileID: 7663302924205025524, guid: 3b0e9ccc1fe792c47875c61802ddb840, type: 3}
      propertyPath: m_LocalEulerAnglesHint.y
      value: 0
      objectReference: {fileID: 0}
    - target: {fileID: 7663302924205025524, guid: 3b0e9ccc1fe792c47875c61802ddb840, type: 3}
      propertyPath: m_LocalEulerAnglesHint.z
      value: 0
      objectReference: {fileID: 0}
    m_RemovedComponents: []
  m_SourcePrefab: {fileID: 100100000, guid: 3b0e9ccc1fe792c47875c61802ddb840, type: 3}
--- !u!1001 &2300123022527257294
PrefabInstance:
  m_ObjectHideFlags: 0
  serializedVersion: 2
  m_Modification:
    m_TransformParent: {fileID: 2746211121297027659}
    m_Modifications:
    - target: {fileID: 334225852176488465, guid: ca1ba5786e1c9e8488a4b4f7ef3d5227, type: 3}
      propertyPath: m_Name
      value: Orbit1
      objectReference: {fileID: 0}
    - target: {fileID: 6794471667747660006, guid: ca1ba5786e1c9e8488a4b4f7ef3d5227, type: 3}
      propertyPath: m_RootOrder
      value: 1
      objectReference: {fileID: 0}
    - target: {fileID: 6794471667747660006, guid: ca1ba5786e1c9e8488a4b4f7ef3d5227, type: 3}
      propertyPath: m_LocalScale.x
      value: 1
      objectReference: {fileID: 0}
    - target: {fileID: 6794471667747660006, guid: ca1ba5786e1c9e8488a4b4f7ef3d5227, type: 3}
      propertyPath: m_LocalScale.y
      value: 1
      objectReference: {fileID: 0}
    - target: {fileID: 6794471667747660006, guid: ca1ba5786e1c9e8488a4b4f7ef3d5227, type: 3}
      propertyPath: m_LocalPosition.x
      value: 4
      objectReference: {fileID: 0}
    - target: {fileID: 6794471667747660006, guid: ca1ba5786e1c9e8488a4b4f7ef3d5227, type: 3}
      propertyPath: m_LocalPosition.y
      value: 0
      objectReference: {fileID: 0}
    - target: {fileID: 6794471667747660006, guid: ca1ba5786e1c9e8488a4b4f7ef3d5227, type: 3}
      propertyPath: m_LocalPosition.z
      value: 0
      objectReference: {fileID: 0}
    - target: {fileID: 6794471667747660006, guid: ca1ba5786e1c9e8488a4b4f7ef3d5227, type: 3}
      propertyPath: m_LocalRotation.w
      value: 1
      objectReference: {fileID: 0}
    - target: {fileID: 6794471667747660006, guid: ca1ba5786e1c9e8488a4b4f7ef3d5227, type: 3}
      propertyPath: m_LocalRotation.x
      value: -0
      objectReference: {fileID: 0}
    - target: {fileID: 6794471667747660006, guid: ca1ba5786e1c9e8488a4b4f7ef3d5227, type: 3}
      propertyPath: m_LocalRotation.y
      value: -0
      objectReference: {fileID: 0}
    - target: {fileID: 6794471667747660006, guid: ca1ba5786e1c9e8488a4b4f7ef3d5227, type: 3}
      propertyPath: m_LocalRotation.z
      value: -0
      objectReference: {fileID: 0}
    - target: {fileID: 6794471667747660006, guid: ca1ba5786e1c9e8488a4b4f7ef3d5227, type: 3}
      propertyPath: m_LocalEulerAnglesHint.x
      value: 0
      objectReference: {fileID: 0}
    - target: {fileID: 6794471667747660006, guid: ca1ba5786e1c9e8488a4b4f7ef3d5227, type: 3}
      propertyPath: m_LocalEulerAnglesHint.y
      value: 0
      objectReference: {fileID: 0}
    - target: {fileID: 6794471667747660006, guid: ca1ba5786e1c9e8488a4b4f7ef3d5227, type: 3}
      propertyPath: m_LocalEulerAnglesHint.z
      value: 0
      objectReference: {fileID: 0}
    m_RemovedComponents: []
  m_SourcePrefab: {fileID: 100100000, guid: ca1ba5786e1c9e8488a4b4f7ef3d5227, type: 3}
--- !u!4 &4729169146735065640 stripped
Transform:
  m_CorrespondingSourceObject: {fileID: 6794471667747660006, guid: ca1ba5786e1c9e8488a4b4f7ef3d5227, type: 3}
  m_PrefabInstance: {fileID: 2300123022527257294}
  m_PrefabAsset: {fileID: 0}
--- !u!1001 &3422391516524807120
PrefabInstance:
  m_ObjectHideFlags: 0
  serializedVersion: 2
  m_Modification:
    m_TransformParent: {fileID: 300097970545074097}
    m_Modifications:
    - target: {fileID: 69373919270081384, guid: b7223fb2bc525aa49ab7662bfe550e36, type: 3}
      propertyPath: m_Name
      value: Planet
      objectReference: {fileID: 0}
    - target: {fileID: 4311462190322929207, guid: b7223fb2bc525aa49ab7662bfe550e36, type: 3}
      propertyPath: m_RootOrder
      value: 0
      objectReference: {fileID: 0}
    - target: {fileID: 4311462190322929207, guid: b7223fb2bc525aa49ab7662bfe550e36, type: 3}
      propertyPath: m_LocalScale.x
      value: 0.5
      objectReference: {fileID: 0}
    - target: {fileID: 4311462190322929207, guid: b7223fb2bc525aa49ab7662bfe550e36, type: 3}
      propertyPath: m_LocalScale.y
      value: 0.5
      objectReference: {fileID: 0}
    - target: {fileID: 4311462190322929207, guid: b7223fb2bc525aa49ab7662bfe550e36, type: 3}
      propertyPath: m_LocalPosition.x
      value: -22.46
      objectReference: {fileID: 0}
    - target: {fileID: 4311462190322929207, guid: b7223fb2bc525aa49ab7662bfe550e36, type: 3}
      propertyPath: m_LocalPosition.y
      value: 3.46
      objectReference: {fileID: 0}
    - target: {fileID: 4311462190322929207, guid: b7223fb2bc525aa49ab7662bfe550e36, type: 3}
      propertyPath: m_LocalPosition.z
      value: 0
      objectReference: {fileID: 0}
    - target: {fileID: 4311462190322929207, guid: b7223fb2bc525aa49ab7662bfe550e36, type: 3}
      propertyPath: m_LocalRotation.w
      value: 1
      objectReference: {fileID: 0}
    - target: {fileID: 4311462190322929207, guid: b7223fb2bc525aa49ab7662bfe550e36, type: 3}
      propertyPath: m_LocalRotation.x
      value: -0
      objectReference: {fileID: 0}
    - target: {fileID: 4311462190322929207, guid: b7223fb2bc525aa49ab7662bfe550e36, type: 3}
      propertyPath: m_LocalRotation.y
      value: -0
      objectReference: {fileID: 0}
    - target: {fileID: 4311462190322929207, guid: b7223fb2bc525aa49ab7662bfe550e36, type: 3}
      propertyPath: m_LocalRotation.z
      value: -0
      objectReference: {fileID: 0}
    - target: {fileID: 4311462190322929207, guid: b7223fb2bc525aa49ab7662bfe550e36, type: 3}
      propertyPath: m_LocalEulerAnglesHint.x
      value: 0
      objectReference: {fileID: 0}
    - target: {fileID: 4311462190322929207, guid: b7223fb2bc525aa49ab7662bfe550e36, type: 3}
      propertyPath: m_LocalEulerAnglesHint.y
      value: 0
      objectReference: {fileID: 0}
    - target: {fileID: 4311462190322929207, guid: b7223fb2bc525aa49ab7662bfe550e36, type: 3}
      propertyPath: m_LocalEulerAnglesHint.z
      value: 0
      objectReference: {fileID: 0}
    - target: {fileID: 8053946113276071314, guid: b7223fb2bc525aa49ab7662bfe550e36, type: 3}
      propertyPath: m_SortingOrder
      value: 1
      objectReference: {fileID: 0}
    m_RemovedComponents: []
  m_SourcePrefab: {fileID: 100100000, guid: b7223fb2bc525aa49ab7662bfe550e36, type: 3}
--- !u!1001 &5751491195920907493
PrefabInstance:
  m_ObjectHideFlags: 0
  serializedVersion: 2
  m_Modification:
    m_TransformParent: {fileID: 6910996324140891171}
    m_Modifications:
    - target: {fileID: 69373919270081384, guid: b7223fb2bc525aa49ab7662bfe550e36, type: 3}
      propertyPath: m_Name
      value: WarpPoint
      objectReference: {fileID: 0}
    - target: {fileID: 4311462190322929207, guid: b7223fb2bc525aa49ab7662bfe550e36, type: 3}
      propertyPath: m_RootOrder
      value: 0
      objectReference: {fileID: 0}
    - target: {fileID: 4311462190322929207, guid: b7223fb2bc525aa49ab7662bfe550e36, type: 3}
      propertyPath: m_LocalScale.x
      value: 1
      objectReference: {fileID: 0}
    - target: {fileID: 4311462190322929207, guid: b7223fb2bc525aa49ab7662bfe550e36, type: 3}
      propertyPath: m_LocalScale.y
      value: 1
      objectReference: {fileID: 0}
    - target: {fileID: 4311462190322929207, guid: b7223fb2bc525aa49ab7662bfe550e36, type: 3}
      propertyPath: m_LocalPosition.x
      value: 0
      objectReference: {fileID: 0}
    - target: {fileID: 4311462190322929207, guid: b7223fb2bc525aa49ab7662bfe550e36, type: 3}
      propertyPath: m_LocalPosition.y
      value: 3.5
      objectReference: {fileID: 0}
    - target: {fileID: 4311462190322929207, guid: b7223fb2bc525aa49ab7662bfe550e36, type: 3}
      propertyPath: m_LocalPosition.z
      value: 0
      objectReference: {fileID: 0}
    - target: {fileID: 4311462190322929207, guid: b7223fb2bc525aa49ab7662bfe550e36, type: 3}
      propertyPath: m_LocalRotation.w
      value: 1
      objectReference: {fileID: 0}
    - target: {fileID: 4311462190322929207, guid: b7223fb2bc525aa49ab7662bfe550e36, type: 3}
      propertyPath: m_LocalRotation.x
      value: -0
      objectReference: {fileID: 0}
    - target: {fileID: 4311462190322929207, guid: b7223fb2bc525aa49ab7662bfe550e36, type: 3}
      propertyPath: m_LocalRotation.y
      value: -0
      objectReference: {fileID: 0}
    - target: {fileID: 4311462190322929207, guid: b7223fb2bc525aa49ab7662bfe550e36, type: 3}
      propertyPath: m_LocalRotation.z
      value: -0
      objectReference: {fileID: 0}
    - target: {fileID: 4311462190322929207, guid: b7223fb2bc525aa49ab7662bfe550e36, type: 3}
      propertyPath: m_LocalEulerAnglesHint.x
      value: 0
      objectReference: {fileID: 0}
    - target: {fileID: 4311462190322929207, guid: b7223fb2bc525aa49ab7662bfe550e36, type: 3}
      propertyPath: m_LocalEulerAnglesHint.y
      value: 0
      objectReference: {fileID: 0}
    - target: {fileID: 4311462190322929207, guid: b7223fb2bc525aa49ab7662bfe550e36, type: 3}
      propertyPath: m_LocalEulerAnglesHint.z
      value: 0
      objectReference: {fileID: 0}
    - target: {fileID: 8053946113276071314, guid: b7223fb2bc525aa49ab7662bfe550e36, type: 3}
      propertyPath: m_Sprite
      value: 
      objectReference: {fileID: 21300000, guid: 8d850743c88817c4e95b61f29bfa8042, type: 3}
    - target: {fileID: 8053946113276071314, guid: b7223fb2bc525aa49ab7662bfe550e36, type: 3}
      propertyPath: m_SortingOrder
      value: 1
      objectReference: {fileID: 0}
    m_RemovedComponents: []
  m_SourcePrefab: {fileID: 100100000, guid: b7223fb2bc525aa49ab7662bfe550e36, type: 3}
--- !u!1001 &6512458464594870103
PrefabInstance:
  m_ObjectHideFlags: 0
  serializedVersion: 2
  m_Modification:
    m_TransformParent: {fileID: 2746211121297027659}
    m_Modifications:
    - target: {fileID: 334225852176488465, guid: ca1ba5786e1c9e8488a4b4f7ef3d5227, type: 3}
      propertyPath: m_Name
      value: Orbit3
      objectReference: {fileID: 0}
    - target: {fileID: 6794471667747660006, guid: ca1ba5786e1c9e8488a4b4f7ef3d5227, type: 3}
      propertyPath: m_RootOrder
      value: 3
      objectReference: {fileID: 0}
    - target: {fileID: 6794471667747660006, guid: ca1ba5786e1c9e8488a4b4f7ef3d5227, type: 3}
      propertyPath: m_LocalScale.x
      value: 1
      objectReference: {fileID: 0}
    - target: {fileID: 6794471667747660006, guid: ca1ba5786e1c9e8488a4b4f7ef3d5227, type: 3}
      propertyPath: m_LocalScale.y
      value: 1
      objectReference: {fileID: 0}
    - target: {fileID: 6794471667747660006, guid: ca1ba5786e1c9e8488a4b4f7ef3d5227, type: 3}
      propertyPath: m_LocalPosition.x
      value: 12
      objectReference: {fileID: 0}
    - target: {fileID: 6794471667747660006, guid: ca1ba5786e1c9e8488a4b4f7ef3d5227, type: 3}
      propertyPath: m_LocalPosition.y
      value: 0
      objectReference: {fileID: 0}
    - target: {fileID: 6794471667747660006, guid: ca1ba5786e1c9e8488a4b4f7ef3d5227, type: 3}
      propertyPath: m_LocalPosition.z
      value: 0
      objectReference: {fileID: 0}
    - target: {fileID: 6794471667747660006, guid: ca1ba5786e1c9e8488a4b4f7ef3d5227, type: 3}
      propertyPath: m_LocalRotation.w
      value: 1
      objectReference: {fileID: 0}
    - target: {fileID: 6794471667747660006, guid: ca1ba5786e1c9e8488a4b4f7ef3d5227, type: 3}
      propertyPath: m_LocalRotation.x
      value: -0
      objectReference: {fileID: 0}
    - target: {fileID: 6794471667747660006, guid: ca1ba5786e1c9e8488a4b4f7ef3d5227, type: 3}
      propertyPath: m_LocalRotation.y
      value: -0
      objectReference: {fileID: 0}
    - target: {fileID: 6794471667747660006, guid: ca1ba5786e1c9e8488a4b4f7ef3d5227, type: 3}
      propertyPath: m_LocalRotation.z
      value: -0
      objectReference: {fileID: 0}
    - target: {fileID: 6794471667747660006, guid: ca1ba5786e1c9e8488a4b4f7ef3d5227, type: 3}
      propertyPath: m_LocalEulerAnglesHint.x
      value: 0
      objectReference: {fileID: 0}
    - target: {fileID: 6794471667747660006, guid: ca1ba5786e1c9e8488a4b4f7ef3d5227, type: 3}
      propertyPath: m_LocalEulerAnglesHint.y
      value: 0
      objectReference: {fileID: 0}
    - target: {fileID: 6794471667747660006, guid: ca1ba5786e1c9e8488a4b4f7ef3d5227, type: 3}
      propertyPath: m_LocalEulerAnglesHint.z
      value: 0
      objectReference: {fileID: 0}
    m_RemovedComponents: []
  m_SourcePrefab: {fileID: 100100000, guid: ca1ba5786e1c9e8488a4b4f7ef3d5227, type: 3}
--- !u!4 &300097970545074097 stripped
Transform:
  m_CorrespondingSourceObject: {fileID: 6794471667747660006, guid: ca1ba5786e1c9e8488a4b4f7ef3d5227, type: 3}
  m_PrefabInstance: {fileID: 6512458464594870103}
  m_PrefabAsset: {fileID: 0}
--- !u!1001 &6922898878109742374
PrefabInstance:
  m_ObjectHideFlags: 0
  serializedVersion: 2
  m_Modification:
    m_TransformParent: {fileID: 2746211121297027659}
    m_Modifications:
    - target: {fileID: 334225852176488465, guid: ca1ba5786e1c9e8488a4b4f7ef3d5227, type: 3}
      propertyPath: m_Name
      value: Orbit2
      objectReference: {fileID: 0}
    - target: {fileID: 6794471667747660006, guid: ca1ba5786e1c9e8488a4b4f7ef3d5227, type: 3}
      propertyPath: m_RootOrder
      value: 2
      objectReference: {fileID: 0}
    - target: {fileID: 6794471667747660006, guid: ca1ba5786e1c9e8488a4b4f7ef3d5227, type: 3}
      propertyPath: m_LocalScale.x
      value: 1
      objectReference: {fileID: 0}
    - target: {fileID: 6794471667747660006, guid: ca1ba5786e1c9e8488a4b4f7ef3d5227, type: 3}
      propertyPath: m_LocalScale.y
      value: 1
      objectReference: {fileID: 0}
    - target: {fileID: 6794471667747660006, guid: ca1ba5786e1c9e8488a4b4f7ef3d5227, type: 3}
      propertyPath: m_LocalPosition.x
      value: 8
      objectReference: {fileID: 0}
    - target: {fileID: 6794471667747660006, guid: ca1ba5786e1c9e8488a4b4f7ef3d5227, type: 3}
      propertyPath: m_LocalPosition.y
      value: 0
      objectReference: {fileID: 0}
    - target: {fileID: 6794471667747660006, guid: ca1ba5786e1c9e8488a4b4f7ef3d5227, type: 3}
      propertyPath: m_LocalPosition.z
      value: 0
      objectReference: {fileID: 0}
    - target: {fileID: 6794471667747660006, guid: ca1ba5786e1c9e8488a4b4f7ef3d5227, type: 3}
      propertyPath: m_LocalRotation.w
      value: 1
      objectReference: {fileID: 0}
    - target: {fileID: 6794471667747660006, guid: ca1ba5786e1c9e8488a4b4f7ef3d5227, type: 3}
      propertyPath: m_LocalRotation.x
      value: -0
      objectReference: {fileID: 0}
    - target: {fileID: 6794471667747660006, guid: ca1ba5786e1c9e8488a4b4f7ef3d5227, type: 3}
      propertyPath: m_LocalRotation.y
      value: -0
      objectReference: {fileID: 0}
    - target: {fileID: 6794471667747660006, guid: ca1ba5786e1c9e8488a4b4f7ef3d5227, type: 3}
      propertyPath: m_LocalRotation.z
      value: -0
      objectReference: {fileID: 0}
    - target: {fileID: 6794471667747660006, guid: ca1ba5786e1c9e8488a4b4f7ef3d5227, type: 3}
      propertyPath: m_LocalEulerAnglesHint.x
      value: 0
      objectReference: {fileID: 0}
    - target: {fileID: 6794471667747660006, guid: ca1ba5786e1c9e8488a4b4f7ef3d5227, type: 3}
      propertyPath: m_LocalEulerAnglesHint.y
      value: 0
      objectReference: {fileID: 0}
    - target: {fileID: 6794471667747660006, guid: ca1ba5786e1c9e8488a4b4f7ef3d5227, type: 3}
      propertyPath: m_LocalEulerAnglesHint.z
      value: 0
      objectReference: {fileID: 0}
    m_RemovedComponents: []
  m_SourcePrefab: {fileID: 100100000, guid: ca1ba5786e1c9e8488a4b4f7ef3d5227, type: 3}
--- !u!4 &4492864142086002112 stripped
Transform:
  m_CorrespondingSourceObject: {fileID: 6794471667747660006, guid: ca1ba5786e1c9e8488a4b4f7ef3d5227, type: 3}
  m_PrefabInstance: {fileID: 6922898878109742374}
  m_PrefabAsset: {fileID: 0}
--- !u!1001 &8997631642029822174
PrefabInstance:
  m_ObjectHideFlags: 0
  serializedVersion: 2
  m_Modification:
    m_TransformParent: {fileID: 2746211121297027659}
    m_Modifications:
    - target: {fileID: 334225852176488465, guid: ca1ba5786e1c9e8488a4b4f7ef3d5227, type: 3}
      propertyPath: m_Name
      value: Orbit0
      objectReference: {fileID: 0}
    - target: {fileID: 6794471667747660006, guid: ca1ba5786e1c9e8488a4b4f7ef3d5227, type: 3}
      propertyPath: m_RootOrder
      value: 0
      objectReference: {fileID: 0}
    - target: {fileID: 6794471667747660006, guid: ca1ba5786e1c9e8488a4b4f7ef3d5227, type: 3}
      propertyPath: m_LocalScale.x
      value: 1
      objectReference: {fileID: 0}
    - target: {fileID: 6794471667747660006, guid: ca1ba5786e1c9e8488a4b4f7ef3d5227, type: 3}
      propertyPath: m_LocalScale.y
      value: 1
      objectReference: {fileID: 0}
    - target: {fileID: 6794471667747660006, guid: ca1ba5786e1c9e8488a4b4f7ef3d5227, type: 3}
      propertyPath: m_LocalPosition.x
      value: 0
      objectReference: {fileID: 0}
    - target: {fileID: 6794471667747660006, guid: ca1ba5786e1c9e8488a4b4f7ef3d5227, type: 3}
      propertyPath: m_LocalPosition.y
      value: 0
      objectReference: {fileID: 0}
    - target: {fileID: 6794471667747660006, guid: ca1ba5786e1c9e8488a4b4f7ef3d5227, type: 3}
      propertyPath: m_LocalPosition.z
      value: 0
      objectReference: {fileID: 0}
    - target: {fileID: 6794471667747660006, guid: ca1ba5786e1c9e8488a4b4f7ef3d5227, type: 3}
      propertyPath: m_LocalRotation.w
      value: 1
      objectReference: {fileID: 0}
    - target: {fileID: 6794471667747660006, guid: ca1ba5786e1c9e8488a4b4f7ef3d5227, type: 3}
      propertyPath: m_LocalRotation.x
      value: -0
      objectReference: {fileID: 0}
    - target: {fileID: 6794471667747660006, guid: ca1ba5786e1c9e8488a4b4f7ef3d5227, type: 3}
      propertyPath: m_LocalRotation.y
      value: -0
      objectReference: {fileID: 0}
    - target: {fileID: 6794471667747660006, guid: ca1ba5786e1c9e8488a4b4f7ef3d5227, type: 3}
      propertyPath: m_LocalRotation.z
      value: -0
      objectReference: {fileID: 0}
    - target: {fileID: 6794471667747660006, guid: ca1ba5786e1c9e8488a4b4f7ef3d5227, type: 3}
      propertyPath: m_LocalEulerAnglesHint.x
      value: 0
      objectReference: {fileID: 0}
    - target: {fileID: 6794471667747660006, guid: ca1ba5786e1c9e8488a4b4f7ef3d5227, type: 3}
      propertyPath: m_LocalEulerAnglesHint.y
      value: 0
      objectReference: {fileID: 0}
    - target: {fileID: 6794471667747660006, guid: ca1ba5786e1c9e8488a4b4f7ef3d5227, type: 3}
      propertyPath: m_LocalEulerAnglesHint.z
      value: 0
      objectReference: {fileID: 0}
    m_RemovedComponents: []
  m_SourcePrefab: {fileID: 100100000, guid: ca1ba5786e1c9e8488a4b4f7ef3d5227, type: 3}
--- !u!4 &2491842671712055352 stripped
Transform:
  m_CorrespondingSourceObject: {fileID: 6794471667747660006, guid: ca1ba5786e1c9e8488a4b4f7ef3d5227, type: 3}
  m_PrefabInstance: {fileID: 8997631642029822174}
  m_PrefabAsset: {fileID: 0}
